@online{Report:1996,
	author = {Prof. J. L. LIONS and others},
	title = {{ARIANE 5} Flight 501 Failure},
	year = {1996},
	url = {http://www-users.math.umn.edu/~arnold/disasters/ariane5rep.html},
	urldate = {1996-07-19}
}
@online{ada:wikipedia,
	author = {Wikipedia},
	title = {Ada (programming language)},
	year = {2018},
	url = {https://en.wikipedia.org/wiki/Ada_(programming_language)},
	urldate = {2018-09-22}
}
@online{designByContract:wikipedia,
	author = {Wikipedia},
	title = {Design by contract},
	year = {2018},
	url = {https://en.wikipedia.org/wiki/Design_by_contract#Relationship_to_software_testing},
	urldate = {2018-09-05}
}
@online{integeroverflow:wikipedia,
	author = {Wikipedia},
	title = {Integer overflow},
	year = {2018},
	url = {https://en.wikipedia.org/wiki/Integer_overflow},
	urldate = {2018-09-12}
}
@article{softwaretechniques:1970,
	author = {Nato Science Committee},
	title = {SOFTWARE ENGINEERING TECHNIQUES},
	pages = {1-170},
	year = {1970}
}
@online{programingProblem:PeterB,
	author = {Peter B. Ladkin},
	title = {The Ariane 5 Accident: A Programming Problem?},
	year = {1998},
	url = {http://www.rvs.uni-bielefeld.de/publications/Incidents/DOCS/Research/Rvs/Misc/Additional/Reports/ariane.html#ESA96a},
	urldate = {1998-03-20}
}
@online{lessonsofAriane:Jean,
	author = {Jean-Marc Jézéquel and Bertrand Meyer},
	title = {Design by Contract: The Lessons of Ariane},
	year = {1997},
	url = {https://archive.eiffel.com/doc/manuals/technology/contract/ariane/},
	urldate = {2012-03-20}
}
@online{hownottocode:2016,
	author = {How not to code blog},
	title = {A space error: 370 million for an integer overflow},
	year = {2016},
	url = {https://hownot2code.com/2016/09/02/a-space-error-370-million-for-an-integer-overflow/},
	urldate = {2016-03-20}
}
@online{bugandcrash:Gleick,
	author = {James Gleick},
	title = {A Bug and a Crash},
	year = {1996},
	url = {https://hownot2code.com/2016/09/02/a-space-error-370-million-for-an-integer-overflow/},
	urldate = {1996-03-20}
}
@online{floatingError:Praksh,
	author = {Abhishek Prakash},
	title = {A Floating Point Error That Caused A Damage Worth Half A Billion},
	year = {2018},
	url = {https://hownot2code.com/2016/09/02/a-space-error-370-million-for-an-integer-overflow/},
	urldate = {2018-01-12}
}